@article{smt2011,
  author = {M. S. Tsoeu and M. Braae},
  title = {Control Systems},
  journal = {IEEE},
  volume = {34},
  number = {3},
  pages = {123-129},
  year = {2011}
}

@book{jct2010,
  author = {J. C. Tapson},
  title = {Instrumentation},
  publisher = {UCT Press},
  address = {Cape Town},
  year = {2010}
}
